@inproceedings{Blazy1,
  title={Towards a formally verified obfuscating compiler},
  author={Blazy, Sandrine and Giacobazzi, Roberto},
  year={2012}
}

@inproceedings{Blazy2,
  title={Formal verification of control-flow graph flattening},
  author={Blazy, Sandrine and Trieu, Alix},
  booktitle={Proceedings of the 5th ACM SIGPLAN Conference on Certified Programs and Proofs},
  pages={176--187},
  year={2016}
}

@inproceedings{Blazy3,
  title={Formal verification of a program obfuscation based on mixed Boolean-arithmetic expressions},
  author={Blazy, Sandrine and Hutin, R{\'e}mi},
  booktitle={Proceedings of the 8th ACM SIGPLAN International Conference on Certified Programs and Proofs},
  pages={196--208},
  year={2019}
}

@article{CompCert,
  title={Formal verification of a realistic compiler},
  author={Leroy, Xavier},
  journal={Communications of the ACM},
  volume={52},
  number={7},
  pages={107--115},
  year={2009},
  publisher={ACM New York, NY, USA}
}

@inproceedings{b7,
  title={Proof-carrying code},
  author={Necula, George C},
  booktitle={Proceedings of the 24th ACM SIGPLAN-SIGACT symposium on Principles of programming languages},
  pages={106--119},
  year={1997}
}
% \bibitem{WeiRepo} Weiyun Lu, ``GitHub repository to accompany the present research,'' \url{https://github.com/weiyunlu/coq-certified-obfuscation}, 2019 

@misc{WeiRepo,
  title        = {GitHub repository to accompany the present research},
  author       = {L{u}, Weiyun},
  year         = {2019},
  url          = {https://github.com/weiyunlu/coq-certified-obfuscation}
}

@misc{CollbergTax,
  title={A taxonomy of obfuscating transformations},
  author={Collberg, Christian and Thomborson, Clark and Low, Douglas},
  year={1997},
  publisher={Technical Report 148, Department of Computer Science, University of Auckland}
}

@misc{SFV2,
  title={Programming Language Foundations, volume 2 of Software Foundations},
  author={Pierce, Benjamin C and de Amorim, Arthur Azevedo and Casinghino, Chris and Gaboardi, Marco and Greenberg, Michael and Hricu, Catalin and Sj{\"o}berg, Vilhelm and Tolmach, Andrew and Yorgey, Brent},
  year={2010},
  publisher={Online}
}

@book{CoNa,
  title={Surreptitious Software: Obfuscation, Watermarking, and Tamperproofing for Software Protection: Obfuscation, Watermarking, and Tamperproofing for Software Protection},
  author={Nagra, Jasvir and Collberg, Christian},
  year={2009},
  publisher={Pearson Education}
}

@inproceedings{Prada,
  title={Opaque predicates detection by abstract interpretation},
  author={Dalla Preda, Mila and Madou, Matias and De Bosschere, Koen and Giacobazzi, Roberto},
  booktitle={International Conference on Algebraic Methodology and Software Technology},
  pages={81--95},
  year={2006},
  organization={Springer}
}

@article{Coq,
  title={The Coq proof assistant reference manual: Version 6.1},
  author={Barras, Bruno and Boutin, Samuel and Cornes, Cristina and Courant, Judica{\"e}l and Filliatre, Jean-Christophe and Gimenez, Eduardo and Herbelin, Hugo and Huet, Gerard and Munoz, Cesar and Murthy, Chetan and others},
  year={1997}
}

@techreport{Wang,
  title={Software tamper resistance: Obstructing static analysis of programs},
  author={Wang, Chenxi and Hill, Jonathan and Knight, John and Davidson, Jack},
  year={2000},
  institution={Technical Report CS-2000-12, University of Virginia, 12 2000}
}

@phdthesis{Weiyun,
  title={Formally Verified Code Obfuscation in the Coq Proof Assistant},
  author={Lu, Weiyun},
  year={2019},
  school={Universit{\'e} d'Ottawa/University of Ottawa}
}

@inproceedings{BanescuCGNP16,
  title={Code obfuscation against symbolic execution attacks},
  author={Banescu, Sebastian and Collberg, Christian and Ganesh, Vijay and Newsham, Zack and Pretschner, Alexander},
  booktitle={Proceedings of the 32nd Annual Conference on Computer Security Applications},
  pages={189--200},
  year={2016}
}

@inproceedings{Barak,
  title={On the (im) possibility of obfuscating programs},
  author={Barak, Boaz and Goldreich, Oded and Impagliazzo, Rusell and Rudich, Steven and Sahai, Amit and Vadhan, Salil and Yang, Ke},
  booktitle={Annual International Cryptology Conference},
  pages={1--18},
  year={2001},
  organization={Springer}
}

@inproceedings{Cloakware,
  title={A compiler-based infrastructure for software-protection},
  author={Liem, Clifford and Gu, Yuan Xiang and Johnson, Harold},
  booktitle={Proceedings of the third ACM SIGPLAN workshop on Programming languages and analysis for security},
  pages={33--44},
  year={2008}
}

@incollection{Floyd,
  title={Assigning meanings to programs},
  author={Floyd, Robert W},
  booktitle={Program Verification},
  pages={65--81},
  year={1993},
  publisher={Springer}
}

@article{Hoare,
  title={An axiomatic basis for computer programming},
  author={Hoare, Charles Antony Richard},
  journal={Communications of the ACM},
  volume={12},
  number={10},
  pages={576--580},
  year={1969},
  publisher={ACM New York, NY, USA}
}

@article{Eiffel,
  title={Applying'design by contract'},
  author={Meyer, Bertrand},
  journal={Computer},
  volume={25},
  number={10},
  pages={40--51},
  year={1992},
  publisher={IEEE}
}



